@ARTICLE{2005Richichi,
   author = {{Richichi}, A. and {Roccatagliata}, V.},
    title = "{Aldebaran's angular diameter: How well do we know it?}",
  journal = {\aap},
   eprint = {astro-ph/0502181},
 keywords = {occultations, techniques: high angular resolution, techniques: interferometric, stars: fundamental parameters, stars: individual: {$\alpha$} Tau, stars: individual: Aldebaran},
     year = 2005,
    month = apr,
   volume = 433,
    pages = {305-312},
      doi = {10.1051/0004-6361:20041765},
   adsurl = {http://adsabs.harvard.edu/abs/2005A%26A...433..305R},
  adsnote = {Provided by the SAO/NASA Astrophysics Data System}
}
@ARTICLE{2017North,
   author = {{North}, T.~S.~H. and {Campante}, T.~L. and {Miglio}, A. and 
	{Davies}, G.~R. and {Grunblatt}, S.~K. and {Huber}, D. and {Kuszlewicz}, J.~S. and 
	{Lund}, M.~N. and {Cooke}, B.~F. and {Chaplin}, W.~J.},
    title = "{The masses of retired A stars with asteroseismology: Kepler and K2 observations of exoplanet hosts}",
  journal = {ArXiv e-prints},
archivePrefix = "arXiv",
   eprint = {1708.00716},
 primaryClass = "astro-ph.SR",
 keywords = {Astrophysics - Solar and Stellar Astrophysics, Astrophysics - Earth and Planetary Astrophysics},
     year = 2017,
    month = aug,
   adsurl = {http://adsabs.harvard.edu/abs/2017arXiv170800716N},
  adsnote = {Provided by the SAO/NASA Astrophysics Data System}
}
@ARTICLE{Kjeldsen95,
 author = {{Kjeldsen}, H. and {Bedding}, T.~R.},
    title = "{Amplitudes of stellar oscillations: the implications for asteroseismology.}",
  journal = {\aap},
   eprint = {astro-ph/9403015},
 keywords = {SUN: OSCILLATIONS, STARS: INDIVIDUAL: $\{$ALPHA$\}$ CEN, STARS: INDIVIDUAL: PROCYON, STARS: OSCILLATIONS, CEPHEIDS, $\{$DELTA$\}$ SCT},
     year = 1995,
    month = jan,
   volume = 293,
   adsurl = {http://adsabs.harvard.edu/abs/1995A%26A...293...87K},
  adsnote = {Provided by the SAO/NASA Astrophysics Data System}
}
@ARTICLE{Torres2010,
   author = {{Torres}, G.},
    title = "{On the Use of Empirical Bolometric Corrections for Stars}",
  journal = {\aj},
archivePrefix = "arXiv",
   eprint = {1008.3913},
 primaryClass = "astro-ph.SR",
 keywords = {stars: fundamental parameters, stars: general, Sun: fundamental parameters, Sun: general},
     year = 2010,
    month = nov,
   volume = 140,
    pages = {1158-1162},
      doi = {10.1088/0004-6256/140/5/1158},
   adsurl = {http://adsabs.harvard.edu/abs/2010AJ....140.1158T},
  adsnote = {Provided by the SAO/NASA Astrophysics Data System}
}
@ARTICLE{pijpers2003,
   author = {{Pijpers}, F.~P.},
    title = "{Selection criteria for targets of asteroseismic campaigns}",
  journal = {\aap},
   eprint = {astro-ph/0303032},
 keywords = {stars: oscillations, stars: evolution, stars: fundamental parameters},
     year = 2003,
    month = mar,
   volume = 400,
    pages = {241-248},
      doi = {10.1051/0004-6361:20021839},
   adsurl = {http://adsabs.harvard.edu/abs/2003A%26A...400..241P},
  adsnote = {Provided by the SAO/NASA Astrophysics Data System}
}
@ARTICLE{1975Maeder,
   author = {{Maeder}, A.},
    title = "{Stellar evolution. III - The overshooting from convective cores}",
  journal = {\aap},
 keywords = {Convective Flow, Mixing Length Flow Theory, Stellar Evolution, Stellar Structure, Astronomical Models, Equations Of Motion, Iterative Solution, Numerical Analysis, Stellar Mass},
     year = 1975,
    month = may,
   volume = 40,
    pages = {303-310},
   adsurl = {http://adsabs.harvard.edu/abs/1975A%26A....40..303M},
  adsnote = {Provided by the SAO/NASA Astrophysics Data System}
}

@ARTICLE{1966Kris,
   author = {{Krishna Swamy}, K.~S.},
    title = "{Profiles of Strong Lines in K-Dwarfs}",
  journal = {\apj},
     year = 1966,
    month = jul,
   volume = 145,
    pages = {174},
      doi = {10.1086/148752},
   adsurl = {http://adsabs.harvard.edu/abs/1966ApJ...145..174K},
  adsnote = {Provided by the SAO/NASA Astrophysics Data System}
}

@ARTICLE{1999Angulo,
   author = {{Angulo}, C. and {Arnould}, M. and {Rayet}, M. and {Descouvemont}, P. and 
	{Baye}, D. and {Leclercq-Willain}, C. and {Coc}, A. and {Barhoumi}, S. and 
	{Aguer}, P. and {Rolfs}, C. and {Kunz}, R. and {Hammer}, J.~W. and 
	{Mayer}, A. and {Paradellis}, T. and {Kossionides}, S. and {Chronidou}, C. and 
	{Spyrou}, K. and {degl'Innocenti}, S. and {Fiorentini}, G. and 
	{Ricci}, B. and {Zavatarelli}, S. and {Providencia}, C. and 
	{Wolters}, H. and {Soares}, J. and {Grama}, C. and {Rahighi}, J. and 
	{Shotter}, A. and {Lamehi Rachti}, M.},
    title = "{A compilation of charged-particle induced thermonuclear reaction rates}",
  journal = {Nuclear Physics A},
     year = 1999,
    month = aug,
   volume = 656,
    pages = {3-183},
      doi = {10.1016/S0375-9474(99)00030-5},
   adsurl = {http://adsabs.harvard.edu/abs/1999NuPhA.656....3A},
  adsnote = {Provided by the SAO/NASA Astrophysics Data System}
}

@ARTICLE{2005Ferguson,
   author = {{Ferguson}, J.~W. and {Alexander}, D.~R. and {Allard}, F. and 
	{Barman}, T. and {Bodnarik}, J.~G. and {Hauschildt}, P.~H. and 
	{Heffner-Wong}, A. and {Tamanai}, A.},
    title = "{Low-Temperature Opacities}",
  journal = {\apj},
   eprint = {astro-ph/0502045},
 keywords = {Atomic Data, Equation of State, Methods: Numerical, Molecular Data},
     year = 2005,
    month = apr,
   volume = 623,
    pages = {585-596},
      doi = {10.1086/428642},
   adsurl = {http://adsabs.harvard.edu/abs/2005ApJ...623..585F},
  adsnote = {Provided by the SAO/NASA Astrophysics Data System}
}

@ARTICLE{1996Iglesias,
   author = {{Iglesias}, C.~A. and {Rogers}, F.~J.},
    title = "{Updated Opal Opacities}",
  journal = {\apj},
 keywords = {ATOMIC DATA, ATOMIC PROCESSES, STARS: INTERIORS},
     year = 1996,
    month = jun,
   volume = 464,
    pages = {943},
      doi = {10.1086/177381},
   adsurl = {http://adsabs.harvard.edu/abs/1996ApJ...464..943I},
  adsnote = {Provided by the SAO/NASA Astrophysics Data System}
}

@ARTICLE{2002Rogers,
   author = {{Rogers}, F.~J. and {Nayfonov}, A.},
    title = "{Updated and Expanded OPAL Equation-of-State Tables: Implications for Helioseismology}",
  journal = {\apj},
 keywords = {Atomic Processes, Equation of State, Sun: Oscillations},
     year = 2002,
    month = sep,
   volume = 576,
    pages = {1064-1074},
      doi = {10.1086/341894},
   adsurl = {http://adsabs.harvard.edu/abs/2002ApJ...576.1064R},
  adsnote = {Provided by the SAO/NASA Astrophysics Data System}
}

@ARTICLE{1993Grevesse,
   author = {{Grevesse}, N. and {Noels}, A.},
    title = "{Atomic data and the spectrum of the solar photosphere.}",
  journal = {Physica Scripta Volume T},
 keywords = {Solar Photosphere: Element Abundances},
     year = 1993,
   volume = 47,
    pages = {133-138},
      doi = {10.1088/0031-8949/1993/T47/021},
   adsurl = {http://adsabs.harvard.edu/abs/1993PhST...47..133G},
  adsnote = {Provided by the SAO/NASA Astrophysics Data System}
}

@ARTICLE{2017Rod,
   author = {{Rodrigues}, T.~S. and {Bossini}, D. and {Miglio}, A. and {Girardi}, L. and 
	{Montalb{\'a}n}, J. and {Noels}, A. and {Trabucchi}, M. and 
	{Coelho}, H.~R. and {Marigo}, P.},
    title = "{Determining stellar parameters of asteroseismic targets: going beyond the use of scaling relations}",
  journal = {\mnras},
archivePrefix = "arXiv",
   eprint = {1701.04791},
 primaryClass = "astro-ph.SR",
 keywords = {Hertzsprung, Russell and colour, magnitude diagrams, stars: fundamental parameters, Hertzsprung-Russell and colour-magnitude diagrams},
     year = 2017,
    month = may,
   volume = 467,
    pages = {1433-1448},
      doi = {10.1093/mnras/stx120},
   adsurl = {http://adsabs.harvard.edu/abs/2017MNRAS.467.1433R},
  adsnote = {Provided by the SAO/NASA Astrophysics Data System}
}

@ARTICLE{2013Paxton,
   author = {{Paxton}, B. and {Cantiello}, M. and {Arras}, P. and {Bildsten}, L. and 
	{Brown}, E.~F. and {Dotter}, A. and {Mankovich}, C. and {Montgomery}, M.~H. and 
	{Stello}, D. and {Timmes}, F.~X. and {Townsend}, R.},
    title = "{Modules for Experiments in Stellar Astrophysics (MESA): Planets, Oscillations, Rotation, and Massive Stars}",
  journal = {\apjs},
archivePrefix = "arXiv",
   eprint = {1301.0319},
 primaryClass = "astro-ph.SR",
 keywords = {asteroseismology, methods: numerical, planets and satellites: physical evolution, stars: evolution, stars: massive, stars: rotation},
     year = 2013,
    month = sep,
   volume = 208,
      eid = {4},
    pages = {4},
      doi = {10.1088/0067-0049/208/1/4},
   adsurl = {http://adsabs.harvard.edu/abs/2013ApJS..208....4P},
  adsnote = {Provided by the SAO/NASA Astrophysics Data System}
}

@ARTICLE{2011Paxton,
   author = {{Paxton}, B. and {Bildsten}, L. and {Dotter}, A. and {Herwig}, F. and 
	{Lesaffre}, P. and {Timmes}, F.},
    title = "{Modules for Experiments in Stellar Astrophysics (MESA)}",
  journal = {\apjs},
archivePrefix = "arXiv",
   eprint = {1009.1622},
 primaryClass = "astro-ph.SR",
 keywords = {methods: numerical, stars: evolution, stars: general},
     year = 2011,
    month = jan,
   volume = 192,
      eid = {3},
    pages = {3},
      doi = {10.1088/0067-0049/192/1/3},
   adsurl = {http://adsabs.harvard.edu/abs/2011ApJS..192....3P},
  adsnote = {Provided by the SAO/NASA Astrophysics Data System}
}
@ARTICLE{2006dasilva,
   author = {{da Silva}, L. and {Girardi}, L. and {Pasquini}, L. and {Setiawan}, J. and 
	{von der L{\"u}he}, O. and {de Medeiros}, J.~R. and {Hatzes}, A. and 
	{D{\"o}llinger}, M.~P. and {Weiss}, A.},
    title = "{Basic physical parameters of a selected sample of evolved stars}",
  journal = {\aap},
   eprint = {astro-ph/0608160},
 keywords = {stars: fundamental parameters, stars: evolution, stars: oscillations, Hertzsprung-Russell (HR) and C-M diagrams, stars: late-type, stars: luminosity function, mass function},
     year = 2006,
    month = nov,
   volume = 458,
    pages = {609-623},
      doi = {10.1051/0004-6361:20065105},
   adsurl = {http://adsabs.harvard.edu/abs/2006A%26A...458..609D},
  adsnote = {Provided by the SAO/NASA Astrophysics Data System}
}
@ARTICLE{2008Massarotti,
   author = {{Massarotti}, A. and {Latham}, D.~W. and {Stefanik}, R.~P. and 
	{Fogel}, J.},
    title = "{Rotational and Radial Velocities for a Sample of 761 HIPPARCOS Giants and the Role of Binarity}",
  journal = {\aj},
 keywords = {stars: AGB and post-AGB, stars: evolution, stars: rotation, binaries: spectroscopic, planetary systems, techniques: spectroscopic},
     year = 2008,
    month = jan,
   volume = 135,
    pages = {209-231},
      doi = {10.1088/0004-6256/135/1/209},
   adsurl = {http://adsabs.harvard.edu/abs/2008AJ....135..209M},
  adsnote = {Provided by the SAO/NASA Astrophysics Data System}
}

@ARTICLE{2011Prugniel,
   author = {{Prugniel}, P. and {Vauglin}, I. and {Koleva}, M.},
    title = "{The atmospheric parameters and spectral interpolator for the MILES stars}",
  journal = {\aap},
archivePrefix = "arXiv",
   eprint = {1104.4952},
 keywords = {stars: fundamental parameters, galaxies: stellar content, stars: abundances},
     year = 2011,
    month = jul,
   volume = 531,
      eid = {A165},
    pages = {A165},
      doi = {10.1051/0004-6361/201116769},
   adsurl = {http://adsabs.harvard.edu/abs/2011A%26A...531A.165P},
  adsnote = {Provided by the SAO/NASA Astrophysics Data System}
}
@ARTICLE{2012Sheffield,
   author = {{Sheffield}, A.~A. and {Majewski}, S.~R. and {Johnston}, K.~V. and 
	{Cunha}, K. and {Smith}, V.~V. and {Cheung}, A.~M. and {Hampton}, C.~M. and 
	{David}, T.~J. and {Wagner-Kaiser}, R. and {Johnson}, M.~C. and 
	{Kaplan}, E. and {Miller}, J. and {Patterson}, R.~J.},
    title = "{Identifying Contributions to the Stellar Halo from Accreted, Kicked-out, and In Situ Populations}",
  journal = {\apj},
archivePrefix = "arXiv",
   eprint = {1202.5310},
 primaryClass = "astro-ph.GA",
 keywords = {Galaxy: disk, Galaxy: evolution, Galaxy: formation, Galaxy: halo, Galaxy: kinematics and dynamics, solar neighborhood, stars: abundances},
     year = 2012,
    month = dec,
   volume = 761,
      eid = {161},
    pages = {161},
      doi = {10.1088/0004-637X/761/2/161},
   adsurl = {http://adsabs.harvard.edu/abs/2012ApJ...761..161S},
  adsnote = {Provided by the SAO/NASA Astrophysics Data System}
}
@ARTICLE{2009Frasca,
   author = {{Frasca}, A. and {Covino}, E. and {Spezzi}, L. and {Alcal{\'a}}, J.~M. and 
	{Marilli}, E. and {F{\.z}r{\'e}sz}, G. and {Gandolfi}, D.},
    title = "{REM near-IR and optical photometric monitoring of pre-main sequence stars in Orion. Rotation periods and starspot parameters}",
  journal = {\aap},
 keywords = {stars: pre-main sequence, stars: rotation, stars: starspots, stars: flare, techniques: photometric, ISM: individual objects: Orion},
     year = 2009,
    month = dec,
   volume = 508,
    pages = {1313-1330},
      doi = {10.1051/0004-6361/200913327},
   adsurl = {http://adsabs.harvard.edu/abs/2009A%26A...508.1313F},
  adsnote = {Provided by the SAO/NASA Astrophysics Data System}
}
