@ARTICLE{Foreman-Mackey2017,
  author =	 {{Foreman-Mackey}, D. and {Agol}, E. and
                  {Ambikasaran}, S. and {Angus}, R.},
  title =	 "{Fast and scalable Gaussian process modeling with
                  applications to astronomical time series}",
  journal =	 {ArXiv e-prints},
  archivePrefix ="arXiv",
  eprint =	 {1703.09710},
  primaryClass = "astro-ph.IM",
  keywords =	 {Astrophysics - Instrumentation and Methods for
                  Astrophysics, Astrophysics - Earth and Planetary
                  Astrophysics, Astrophysics - Solar and Stellar
                  Astrophysics, Physics - Data Analysis, Statistics
                  and Probability, Statistics - Applications},
  year =	 2017,
  month =	 mar,
  adsurl =	 {http://adsabs.harvard.edu/abs/2017arXiv170309710F},
  adsnote =	 {Provided by the SAO/NASA Astrophysics Data System}
}

@ARTICLE{Hatzes2015,
  author =	 {{Hatzes}, A.~P. and {Cochran}, W.~D. and {Endl},
                  M. and {Guenther}, E.~W. and {MacQueen}, P. and
                  {Hartmann}, M. and {Zechmeister}, M. and {Han},
                  I. and {Lee}, B.-C. and {Walker}, G.~A.~H. and
                  {Yang}, S. and {Larson}, A.~M. and {Kim}, K.-M. and
                  {Mkrtichian}, D.~E., and {D{\"o}llinger}, M. and
                  {Simon}, A.~E., and {Girardi}, L.},
  title =	 "{Long-lived, long-period radial velocity variations
                  in Aldebaran: A planetary companion and stellar
                  activity}",
  journal =	 {\aap},
  archivePrefix ="arXiv",
  eprint =	 {1505.03454},
  primaryClass = "astro-ph.SR",
  keywords =	 {stars: individual: {$\alpha$}Tu, techniques: radial
                  velocities},
  year =	 2015,
  month =	 aug,
  volume =	 580,
  eid =		 {A31},
  pages =	 {A31},
  doi =		 {10.1051/0004-6361/201425519},
  adsurl =	 {http://adsabs.harvard.edu/abs/2015A%26A...580A..31H},
  adsnote =	 {Provided by the SAO/NASA Astrophysics Data System}
}

@ARTICLE{Kelly2014,
  author =	 {{Kelly}, B.~C. and {Becker}, A.~C. and {Sobolewska},
                  M. and {Siemiginowska}, A. and {Uttley}, P.},
  title =	 "{Flexible and Scalable Methods for Quantifying
                  Stochastic Variability in the Era of Massive
                  Time-domain Astronomical Data Sets}",
  journal =	 {\apj},
  archivePrefix ="arXiv",
  eprint =	 {1402.5978},
  primaryClass = "astro-ph.IM",
  keywords =	 {methods: statistical},
  year =	 2014,
  month =	 jun,
  volume =	 788,
  eid =		 33,
  pages =	 33,
  doi =		 {10.1088/0004-637X/788/1/33},
  adsurl =	 {http://adsabs.harvard.edu/abs/2014ApJ...788...33K},
  adsnote =	 {Provided by the SAO/NASA Astrophysics Data System}
}

@ARTICLE{White2017,
   author = {{White}, T.~R. and {Pope}, B.~J.~S. and {Antoci}, V. and {P{\'a}pics}, P.~I. and 
  {Aerts}, C. and {Gies}, D.~R. and {Gordon}, K. and {Huber}, D. and 
  {Schaefer}, G.~H. and {Aigrain}, S. and {Albrecht}, S. and {Barclay}, T. and 
  {Barentsen}, G. and {Beck}, P.~G. and {Bedding}, T.~R. and {Fredslund Andersen}, M. and 
  {Grundahl}, F. and {Howell}, S.~B. and {Ireland}, M.~J. and 
  {Murphy}, S.~J. and {Nielsen}, M.~B. and {Silva Aguirre}, V. and 
  {Tuthill}, P.~G.},
    title = "{Beyond the Kepler/K2 bright limit: variability in the seven brightest members of the Pleiades}",
  journal = {\mnras},
archivePrefix = "arXiv",
   eprint = {1708.07462},
 primaryClass = "astro-ph.SR",
 keywords = {asteroseismology, techniques: photometric, stars: early type, stars: variables: general, open clusters and associations: individual: Pleiades},
     year = 2017,
    month = nov,
   volume = 471,
    pages = {2882-2901},
      doi = {10.1093/mnras/stx1050},
   adsurl = {http://adsabs.harvard.edu/abs/2017MNRAS.471.2882W},
  adsnote = {Provided by the SAO/NASA Astrophysics Data System}
}

@article{Aigrain2016,
    arxivId = {1603.09167},
    author = {Aigrain, Suzanne and Parviainen, Hannu and Pope, Benjamin},
    keywords = {data analysis,methods,photometry,planetary systems,techniques},
    title = {{K2SC: Flexible systematics correction and detrending of K2 light curves using Gaussian Process regression}},
    url = {http://arxiv.org/abs/1603.09167},
    year = {2016}
}


@Article{   howell14,
  author  = {{Howell}, S.~B. and {Sobeck}, C. and {Haas}, M. and
      {Still}, M. and {Barclay}, T. and {Mullally}, F. and
      {Troeltzsch}, J. and {Aigrain}, S. and {Bryson}, S.~T. and
      {Caldwell}, D. and {Chaplin}, W.~J. and {Cochran}, W.~D.
      and {Huber}, D. and {Marcy}, G.~W. and {Miglio}, A. and
      {Najita}, J.~R. and {Smith}, M. and {Twicken}, J.~D. and
      {Fortney}, J.~J. },
  title   = "{The K2 Mission: Characterization and Early Results}",
  journal = {\pasp},
  archiveprefix = "arXiv",
  eprint  = {1402.5163},
  primaryclass  = "astro-ph.IM",
  keywords  = {Astronomical Instrumentation},
  year    = 2014,
  month   = apr,
  volume  = 126,
  pages   = {398-408},
  doi   = {10.1086/676406},
  adsurl  = {http://adsabs.harvard.edu/abs/2014PASP..126..398H},
  adsnote = {Provided by the SAO/NASA Astrophysics Data System}
}

@Article{   2010pasp..122..131g,
  author  = {{Gilliland}, R.~L. and {Brown}, T.~M. and
      {Christensen-Dalsgaard}, J. and {Kjeldsen}, H. and {Aerts},
      C. and {Appourchaux}, T. and {Basu}, S. and {Bedding},
      T.~R. and {Chaplin}, W.~J. and {Cunha}, M.~S. and {De Cat},
      P. and {De Ridder}, J. and {Guzik}, J.~A. and {Handler}, G.
      and {Kawaler}, S. and {Kiss}, L. and {Kolenberg}, K. and
      {Kurtz}, D.~W. and {Metcalfe}, T.~S. and {Monteiro},
      M.~J.~P.~F.~G. and {Szab{\'o}}, R. and {Arentoft}, T. and
      {Balona}, L. and {Debosscher}, J. and {Elsworth}, Y.~P. and
      {Quirion}, P.-O. and {Stello}, D. and {Su{\'a}rez}, J.~C.
      and {Borucki}, W.~J. and {Jenkins}, J.~M. and {Koch}, D.
      and {Kondo}, Y. and {Latham}, D.~W. and {Rowe}, J.~F. and
      {Steffen}, J.~H.},
  title   = "{Kepler Asteroseismology Program: Introduction and First
      Results}",
  journal = {\pasp},
  archiveprefix = "arXiv",
  eprint  = {1001.0139},
  primaryclass  = "astro-ph.SR",
  year    = 2010,
  month   = feb,
  volume  = 122,
  pages   = {131-143},
  doi   = {10.1086/650399},
  adsurl  = {http://adsabs.harvard.edu/abs/2010PASP..122..131G},
  adsnote = {Provided by the SAO/NASA Astrophysics Data System}
}

@Article{   2010sci...327..977b,
  author  = {{Borucki}, W.~J. and {Koch}, D. and {Basri}, G. and
      {Batalha}, N. and {Brown}, T. and {Caldwell}, D. and
      {Caldwell}, J. and {Christensen-Dalsgaard}, J. and
      {Cochran}, W.~D. and {DeVore}, E. and {Dunham}, E.~W. and
      {Dupree}, A.~K. and {Gautier}, T.~N. and {Geary}, J.~C. and
      {Gilliland}, R. and {Gould}, A. and {Howell}, S.~B. and
      {Jenkins}, J.~M. and {Kondo}, Y. and {Latham}, D.~W. and
      {Marcy}, G.~W. and {Meibom}, S. and {Kjeldsen}, H. and
      {Lissauer}, J.~J. and {Monet}, D.~G. and {Morrison}, D. and
      {Sasselov}, D. and {Tarter}, J. and {Boss}, A. and
      {Brownlee}, D. and {Owen}, T. and {Buzasi}, D. and
      {Charbonneau}, D. and {Doyle}, L. and {Fortney}, J. and
      {Ford}, E.~B. and {Holman}, M.~J. and {Seager}, S. and
      {Steffen}, J.~H. and {Welsh}, W.~F. and {Rowe}, J. and
      {Anderson}, H. and {Buchhave}, L. and {Ciardi}, D. and
      {Walkowicz}, L. and {Sherry}, W. and {Horch}, E. and
      {Isaacson}, H. and {Everett}, M.~E. and {Fischer}, D. and
      {Torres}, G. and {Johnson}, J.~A. and {Endl}, M. and
      {MacQueen}, P. and {Bryson}, S.~T. and {Dotson}, J. and
      {Haas}, M. and {Kolodziejczak}, J. and {Van Cleve}, J. and
      {Chandrasekaran}, H. and {Twicken}, J.~D. and {Quintana},
      E.~V. and {Clarke}, B.~D. and {Allen}, C. and {Li}, J. and
      {Wu}, H. and {Tenenbaum}, P. and {Verner}, E. and
      {Bruhweiler}, F. and {Barnes}, J. and {Prsa}, A.},
  title   = "{Kepler Planet-Detection Mission: Introduction and First
      Results}",
  journal = {Science},
  year    = 2010,
  month   = feb,
  volume  = 327,
  pages   = {977},
  doi   = {10.1126/science.1185402},
  adsurl  = {http://adsabs.harvard.edu/abs/2010Sci...327..977B},
  adsnote = {Provided by the SAO/NASA Astrophysics Data System}
}
